@article{ParticleDataGroup:2024,
  author       = "Groom, D. and Klein, S.",
  title        = "Passage of Particles Through Matter",
  journal      = "Physical Revision D",
  volume       = 110,
  number       = 3,
  year         = 2024,
  publisher    = "American Physical Society",
  doi          = "10.1103/PhysRevD.110.030001",
  url          = https://pdg.lbl.gov/2024/reviews/rpp2024-rev-passage-particles-matter.pdf
}

@manual{tmp36-datasheet,
  title     = {TMP35/TMP36/TMP37 Data Sheet},
  author    = {{Analog Devices}},
  year      = {2015},
  url       = {https://www.analog.com/media/en/technical-documentation/data-sheets/tmp35_36_37.pdf},
  organization = {Analog Devices},
  note      = {Accessed: 2025-04-27},
}